
<marc:record><marc:leader>03101nam a2200445 i 4500</marc:leader>
<marc:controlfield tag="001">001263414</marc:controlfield>
<marc:controlfield tag="005">20240605130459.0</marc:controlfield><marc:controlfield tag="006">m     o  d f      </marc:controlfield><marc:controlfield tag="007">cr |||||||||||</marc:controlfield><marc:controlfield tag="008">240605s2023    vauab   ob   f000 0 eng c</marc:controlfield><marc:datafield tag="035" ind1=" " ind2=" "><marc:subfield code="a">(OCoLC)1437796196</marc:subfield></marc:datafield><marc:datafield tag="040" ind1=" " ind2=" "><marc:subfield code="a">GPO</marc:subfield><marc:subfield code="b">eng</marc:subfield><marc:subfield code="e">rda</marc:subfield><marc:subfield code="e">pn</marc:subfield><marc:subfield code="c">GPO</marc:subfield></marc:datafield><marc:datafield tag="042" ind1=" " ind2=" "><marc:subfield code="a">pcc</marc:subfield></marc:datafield><marc:datafield tag="043" ind1=" " ind2=" "><marc:subfield code="a">n-us-ca</marc:subfield></marc:datafield><marc:datafield tag="074" ind1=" " ind2=" "><marc:subfield code="a">0624 (online)</marc:subfield></marc:datafield><marc:datafield tag="086" ind1="0" ind2=" "><marc:subfield code="a">I 19.16:1885</marc:subfield></marc:datafield><marc:datafield tag="100" ind1="1" ind2=" "><marc:subfield code="a">Izbicki, John A.,</marc:subfield><marc:subfield code="0">https://id.loc.gov/authorities/names/n84136961</marc:subfield><marc:subfield code="e">author.</marc:subfield></marc:datafield><marc:datafield tag="245" ind1="1" ind2="0"><marc:subfield code="a">Natural and Anthropogenic (human-made) hexavalent chromium, Cr(VI), in groundwater near a mapped plume, Hinkley, California /</marc:subfield><marc:subfield code="c">by John A. Izbicki [and others].</marc:subfield></marc:datafield><marc:datafield tag="264" ind1=" " ind2="1"><marc:subfield code="a">Reston, Virginia :</marc:subfield><marc:subfield code="b">U.S. Department of the Interior, U.S. Geological Survey,</marc:subfield><marc:subfield code="c">2023.</marc:subfield></marc:datafield><marc:datafield tag="300" ind1=" " ind2=" "><marc:subfield code="a">1 online resource (ix, 527 pages) :</marc:subfield><marc:subfield code="b">color illustrations, color maps.</marc:subfield></marc:datafield><marc:datafield tag="336" ind1=" " ind2=" "><marc:subfield code="a">text</marc:subfield><marc:subfield code="b">txt</marc:subfield><marc:subfield code="2">rdacontent</marc:subfield></marc:datafield><marc:datafield tag="337" ind1=" " ind2=" "><marc:subfield code="a">computer</marc:subfield><marc:subfield code="b">c</marc:subfield><marc:subfield code="2">rdamedia</marc:subfield></marc:datafield><marc:datafield tag="338" ind1=" " ind2=" "><marc:subfield code="a">online resource</marc:subfield><marc:subfield code="b">cr</marc:subfield><marc:subfield code="2">rdacarrier</marc:subfield></marc:datafield><marc:datafield tag="490" ind1="1" ind2=" "><marc:subfield code="a">Professional paper,</marc:subfield><marc:subfield code="x">1044-9612 ;</marc:subfield><marc:subfield code="v">1885.</marc:subfield></marc:datafield><marc:datafield tag="500" ind1=" " ind2=" "><marc:subfield code="a">In scope of the U.S. Government Publishing Office Cataloging and Indexing Program (C&amp;I) and Federal Depository Library Program (FDLP).</marc:subfield></marc:datafield><marc:datafield tag="500" ind1=" " ind2=" "><marc:subfield code="a">&quot;Prepared in cooperation with Lahontan Regional Water Quality Control Board.&quot;</marc:subfield></marc:datafield><marc:datafield tag="504" ind1=" " ind2=" "><marc:subfield code="a">Includes bibliographical references.</marc:subfield></marc:datafield><marc:datafield tag="505" ind1="0" ind2="0"><marc:subfield code="g">chapter A..</marc:subfield><marc:subfield code="t">Introduction to Study Area Hydrogeology, Chromium Sources, Site History, and Purpose of Study --</marc:subfield><marc:subfield code="g">chapter B.</marc:subfield><marc:subfield code="t">Survey of Chromium and Selected Element Concentrations in Rock, Alluvium, and Core Material --</marc:subfield><marc:subfield code="g">chapter C.</marc:subfield><marc:subfield code="t">Chromium in Minerals and Selected Aquifer Materials --</marc:subfield><marc:subfield code="g">chapter D.</marc:subfield><marc:subfield code="t">Analyses of Regulatory Water-Quality Data --</marc:subfield><marc:subfield code="g">chapter E.</marc:subfield><marc:subfield code="t">Groundwater Chemistry and Hexavalent Chromium --</marc:subfield><marc:subfield code="g">chapter F.</marc:subfield><marc:subfield code="t">Environmental Tracers of Groundwater Source, Age, and Geochemical Evolution --</marc:subfield><marc:subfield code="g">chapter G.</marc:subfield><marc:subfield code="t">Evaluation of Natural and Anthropogenic (Human-Made) Hexavalent Chromium --</marc:subfield><marc:subfield code="g">chapter H.</marc:subfield><marc:subfield code="t">Predevelopment Water Levels, Groundwater Recharge, and Selected Hydrologic Properties of Aquifer Materials, Hinkley and Water Valleys, California --</marc:subfield><marc:subfield code="g">chapter I.</marc:subfield><marc:subfield code="t">Sequestration and Reoxidation of Chromium in Experimental Microcosms --</marc:subfield><marc:subfield code="g">chapter J.</marc:subfield><marc:subfield code="t">Summary and Conclusions.</marc:subfield></marc:datafield><marc:datafield tag="650" ind1=" " ind2="0"><marc:subfield code="a">Chromium</marc:subfield><marc:subfield code="z">California</marc:subfield><marc:subfield code="z">Hinkley.</marc:subfield></marc:datafield><marc:datafield tag="650" ind1=" " ind2="0"><marc:subfield code="a">Groundwater</marc:subfield><marc:subfield code="x">Pollution</marc:subfield><marc:subfield code="z">California</marc:subfield><marc:subfield code="z">Hinkley.</marc:subfield></marc:datafield><marc:datafield tag="710" ind1="2" ind2=" "><marc:subfield code="a">Geological Survey (U.S.),</marc:subfield><marc:subfield code="0">https://id.loc.gov/authorities/names/n80092173</marc:subfield><marc:subfield code="e">issuing body.</marc:subfield></marc:datafield><marc:datafield tag="710" ind1="2" ind2=" "><marc:subfield code="a">California Regional Water Quality Control Board--Lahontan Region.</marc:subfield><marc:subfield code="0">https://id.loc.gov/authorities/names/n82020164</marc:subfield></marc:datafield><marc:datafield tag="776" ind1="0" ind2="8"><marc:subfield code="i">Print version:</marc:subfield><marc:subfield code="a">Izbicki, John A.</marc:subfield><marc:subfield code="t">Natural and Anthropogenic (human-made) hexavalent chromium, Cr(VI), in groundwater near a mapped plume, Hinkley, California</marc:subfield><marc:subfield code="w">(OCoLC)1399438945</marc:subfield></marc:datafield><marc:datafield tag="830" ind1=" " ind2="0"><marc:subfield code="a">U.S. Geological Survey professional paper ;</marc:subfield><marc:subfield code="0">https://id.loc.gov/authorities/names/n88643688</marc:subfield><marc:subfield code="v">1885.</marc:subfield></marc:datafield><marc:datafield tag="856" ind1="4" ind2="0"><marc:subfield code="u">https://purl.fdlp.gov/GPO/gpo230059</marc:subfield><marc:subfield code="7">0</marc:subfield></marc:datafield><marc:datafield tag="856" ind1="4" ind2=" "><marc:subfield code="z">Address at time of PURL creation</marc:subfield><marc:subfield code="u">https://pubs.usgs.gov/publication/pp1885</marc:subfield></marc:datafield><marc:datafield tag="994" ind1=" " ind2=" "><marc:subfield code="a">C0</marc:subfield><marc:subfield code="b">GPO</marc:subfield></marc:datafield><marc:datafield tag="049" ind1=" " ind2=" "><marc:subfield code="a">XZL4</marc:subfield></marc:datafield><marc:datafield tag="955" ind1=" " ind2=" "><marc:subfield code="a">bca29 20240605</marc:subfield><marc:subfield code="b">20240605</marc:subfield></marc:datafield><marc:datafield tag="922" ind1=" " ind2=" "><marc:subfield code="a">BIBCONEW</marc:subfield><marc:subfield code="b">20240605</marc:subfield></marc:datafield></marc:record>