
<marc:record><marc:leader>02193nam a2200445 i 4500</marc:leader>
<marc:controlfield tag="001">001263817</marc:controlfield>
<marc:controlfield tag="005">20240620081550.0</marc:controlfield><marc:controlfield tag="006">m     o  d f      </marc:controlfield><marc:controlfield tag="007">cr |||||||||||</marc:controlfield><marc:controlfield tag="008">240620s2018    dcua    o    f000 0 eng c</marc:controlfield><marc:datafield tag="035" ind1=" " ind2=" "><marc:subfield code="a">(OCoLC)1440220705</marc:subfield></marc:datafield><marc:datafield tag="040" ind1=" " ind2=" "><marc:subfield code="a">GPO</marc:subfield><marc:subfield code="b">eng</marc:subfield><marc:subfield code="e">rda</marc:subfield><marc:subfield code="e">pn</marc:subfield><marc:subfield code="c">GPO</marc:subfield></marc:datafield><marc:datafield tag="042" ind1=" " ind2=" "><marc:subfield code="a">pcc</marc:subfield></marc:datafield><marc:datafield tag="043" ind1=" " ind2=" "><marc:subfield code="a">n-us---</marc:subfield></marc:datafield><marc:datafield tag="074" ind1=" " ind2=" "><marc:subfield code="a">0473-A-01 (online)</marc:subfield></marc:datafield><marc:datafield tag="086" ind1="0" ind2=" "><marc:subfield code="a">EP 2.2:ST 2/6</marc:subfield></marc:datafield><marc:datafield tag="110" ind1="2" ind2=" "><marc:subfield code="a">Clean Water State Revolving Fund (U.S.),</marc:subfield><marc:subfield code="0">https://id.loc.gov/authorities/names/no2003095811</marc:subfield><marc:subfield code="e">author.</marc:subfield></marc:datafield><marc:datafield tag="245" ind1="1" ind2="0"><marc:subfield code="a">States use innovative programmatic financing approach to maintain stable CWSRF demand /</marc:subfield><marc:subfield code="c">United States Environmental Protection Agency, Clean Water State Revolving Fund.</marc:subfield></marc:datafield><marc:datafield tag="246" ind1="3" ind2=" "><marc:subfield code="a">States use innovative programmatic financing approach to maintain stable Clean Water State Revolving Fund demand</marc:subfield></marc:datafield><marc:datafield tag="246" ind1="1" ind2=" "><marc:subfield code="i">At head of title:</marc:subfield><marc:subfield code="a">Activity update</marc:subfield></marc:datafield><marc:datafield tag="264" ind1=" " ind2="1"><marc:subfield code="a">[Washington, D.C.] :</marc:subfield><marc:subfield code="b">United States Environmental Protection Agency, Clean Water State Revolving Fund,</marc:subfield><marc:subfield code="c">2018.</marc:subfield></marc:datafield><marc:datafield tag="300" ind1=" " ind2=" "><marc:subfield code="a">1 online resource (7 pages) :</marc:subfield><marc:subfield code="b">color illustrations</marc:subfield></marc:datafield><marc:datafield tag="336" ind1=" " ind2=" "><marc:subfield code="a">text</marc:subfield><marc:subfield code="b">txt</marc:subfield><marc:subfield code="2">rdacontent</marc:subfield></marc:datafield><marc:datafield tag="337" ind1=" " ind2=" "><marc:subfield code="a">computer</marc:subfield><marc:subfield code="b">c</marc:subfield><marc:subfield code="2">rdamedia</marc:subfield></marc:datafield><marc:datafield tag="338" ind1=" " ind2=" "><marc:subfield code="a">online resource</marc:subfield><marc:subfield code="b">cr</marc:subfield><marc:subfield code="2">rdacarrier</marc:subfield></marc:datafield><marc:datafield tag="500" ind1=" " ind2=" "><marc:subfield code="a">In scope of the U.S. Government Publishing Office Cataloging and Indexing Program (C&amp;I) and Federal Depository Library Program (FDLP).</marc:subfield></marc:datafield><marc:datafield tag="500" ind1=" " ind2=" "><marc:subfield code="a">&quot;February 2018&quot;--Page 7.</marc:subfield></marc:datafield><marc:datafield tag="500" ind1=" " ind2=" "><marc:subfield code="a">&quot;EPA Publication 810F18001&quot;--Page 7.</marc:subfield></marc:datafield><marc:datafield tag="588" ind1=" " ind2=" "><marc:subfield code="a">Description based on online resource; title from PDF caption (EPA, viewed June 6, 2024).</marc:subfield></marc:datafield><marc:datafield tag="610" ind1="2" ind2="0"><marc:subfield code="a">Clean Water State Revolving Fund (U.S.)</marc:subfield><marc:subfield code="0">https://id.loc.gov/authorities/names/no2003095811</marc:subfield></marc:datafield><marc:datafield tag="650" ind1=" " ind2="0"><marc:subfield code="a">Federal aid to water quality management</marc:subfield><marc:subfield code="z">United States.</marc:subfield></marc:datafield><marc:datafield tag="650" ind1=" " ind2="0"><marc:subfield code="a">Federal aid to water resources development</marc:subfield><marc:subfield code="z">United States.</marc:subfield></marc:datafield><marc:datafield tag="650" ind1=" " ind2="0"><marc:subfield code="a">Infrastructure (Economics)</marc:subfield><marc:subfield code="z">United States</marc:subfield><marc:subfield code="x">Finance.</marc:subfield></marc:datafield><marc:datafield tag="856" ind1="4" ind2="0"><marc:subfield code="u">https://purl.fdlp.gov/GPO/gpo230077</marc:subfield><marc:subfield code="7">0</marc:subfield></marc:datafield><marc:datafield tag="856" ind1="4" ind2=" "><marc:subfield code="z">Address at time of PURL creation</marc:subfield><marc:subfield code="u">https://www.epa.gov/sites/default/files/2018-02/documents/profi_activity_update_final.pdf</marc:subfield></marc:datafield><marc:datafield tag="994" ind1=" " ind2=" "><marc:subfield code="a">C0</marc:subfield><marc:subfield code="b">GPO</marc:subfield></marc:datafield><marc:datafield tag="049" ind1=" " ind2=" "><marc:subfield code="a">XZL4</marc:subfield></marc:datafield><marc:datafield tag="955" ind1=" " ind2=" "><marc:subfield code="a">bc87 20240620</marc:subfield><marc:subfield code="b">20240620</marc:subfield></marc:datafield><marc:datafield tag="922" ind1=" " ind2=" "><marc:subfield code="a">BIBCONEW</marc:subfield><marc:subfield code="b">20240620</marc:subfield></marc:datafield><marc:datafield tag="922" ind1=" " ind2=" "><marc:subfield code="a">UNREPORTEDPUBSSTAFF</marc:subfield></marc:datafield></marc:record>