
<marc:record><marc:leader>02663nai a2200529 i 4500</marc:leader>
<marc:controlfield tag="001">001263877</marc:controlfield>
<marc:controlfield tag="005">20240621100941.0</marc:controlfield><marc:controlfield tag="006">m     o  d f      </marc:controlfield><marc:controlfield tag="007">cr |||||||||||</marc:controlfield><marc:controlfield tag="008">240621c20249999dcu x w o b  f0    2eng c</marc:controlfield><marc:datafield tag="010" ind1=" " ind2=" "><marc:subfield code="a">2024233280</marc:subfield></marc:datafield><marc:datafield tag="035" ind1=" " ind2=" "><marc:subfield code="a">(OCoLC)1441107661</marc:subfield></marc:datafield><marc:datafield tag="040" ind1=" " ind2=" "><marc:subfield code="a">GPO</marc:subfield><marc:subfield code="b">eng</marc:subfield><marc:subfield code="e">rda</marc:subfield><marc:subfield code="e">pn</marc:subfield><marc:subfield code="c">GPO</marc:subfield></marc:datafield><marc:datafield tag="042" ind1=" " ind2=" "><marc:subfield code="a">pcc</marc:subfield></marc:datafield><marc:datafield tag="043" ind1=" " ind2=" "><marc:subfield code="a">n-us---</marc:subfield></marc:datafield><marc:datafield tag="074" ind1=" " ind2=" "><marc:subfield code="a">0807-A-07 (online)</marc:subfield></marc:datafield><marc:datafield tag="086" ind1="0" ind2=" "><marc:subfield code="a">LC 14.23:R 48045/</marc:subfield></marc:datafield><marc:datafield tag="100" ind1="1" ind2=" "><marc:subfield code="a">Topoleski, John J.,</marc:subfield><marc:subfield code="0">https://id.loc.gov/authorities/names/no2018149789</marc:subfield><marc:subfield code="e">author.</marc:subfield></marc:datafield><marc:datafield tag="245" ind1="1" ind2="4"><marc:subfield code="a">The Department of Labor's proposed rule on investment advice in private sector pension plans and individual retirement accounts /</marc:subfield><marc:subfield code="c">John J. Topoleski, Elizabeth A. Myers.</marc:subfield></marc:datafield><marc:datafield tag="250" ind1=" " ind2=" "><marc:subfield code="a">[Library of Congress public edition].</marc:subfield></marc:datafield><marc:datafield tag="264" ind1=" " ind2="1"><marc:subfield code="a">[Washington, D.C.] :</marc:subfield><marc:subfield code="b">Congressional Research Service,</marc:subfield><marc:subfield code="c">2024-</marc:subfield></marc:datafield><marc:datafield tag="300" ind1=" " ind2=" "><marc:subfield code="a">1 online resource.</marc:subfield></marc:datafield><marc:datafield tag="310" ind1=" " ind2=" "><marc:subfield code="a">Updated irregularly</marc:subfield></marc:datafield><marc:datafield tag="336" ind1=" " ind2=" "><marc:subfield code="a">text</marc:subfield><marc:subfield code="b">txt</marc:subfield><marc:subfield code="2">rdacontent</marc:subfield></marc:datafield><marc:datafield tag="337" ind1=" " ind2=" "><marc:subfield code="a">computer</marc:subfield><marc:subfield code="2">rdamedia</marc:subfield></marc:datafield><marc:datafield tag="338" ind1=" " ind2=" "><marc:subfield code="a">online resource</marc:subfield><marc:subfield code="b">cr</marc:subfield><marc:subfield code="2">rdacarrier</marc:subfield></marc:datafield><marc:datafield tag="490" ind1="1" ind2=" "><marc:subfield code="a">Report / Congressional Research Service ;</marc:subfield><marc:subfield code="v">R48045</marc:subfield></marc:datafield><marc:datafield tag="500" ind1=" " ind2=" "><marc:subfield code="a">The CRS web page provides access to all versions published since 2018 in accordance with P.L. 115-141.</marc:subfield></marc:datafield><marc:datafield tag="500" ind1=" " ind2=" "><marc:subfield code="a">In scope of the U.S. Government Publishing Office Cataloging and Indexing Program (C&amp;I) and Federal Depository Library Program (FDLP).</marc:subfield></marc:datafield><marc:datafield tag="504" ind1=" " ind2=" "><marc:subfield code="a">Report includes bibliographical references.</marc:subfield></marc:datafield><marc:datafield tag="588" ind1="0" ind2=" "><marc:subfield code="a">Contents viewed on June 21, 2024; title from CRS web page.</marc:subfield></marc:datafield><marc:datafield tag="610" ind1="1" ind2="0"><marc:subfield code="a">United States.</marc:subfield><marc:subfield code="b">Department of Labor.</marc:subfield><marc:subfield code="0">https://id.loc.gov/authorities/names/n79029796</marc:subfield></marc:datafield><marc:datafield tag="650" ind1=" " ind2="0"><marc:subfield code="a">Investments</marc:subfield><marc:subfield code="z">United States.</marc:subfield></marc:datafield><marc:datafield tag="650" ind1=" " ind2="0"><marc:subfield code="a">Pensions</marc:subfield><marc:subfield code="z">United States.</marc:subfield><marc:subfield code="0">https://id.loc.gov/authorities/subjects/sh85099598</marc:subfield></marc:datafield><marc:datafield tag="650" ind1=" " ind2="0"><marc:subfield code="a">Individual retirement accounts</marc:subfield><marc:subfield code="z">United States.</marc:subfield></marc:datafield><marc:datafield tag="650" ind1=" " ind2="0"><marc:subfield code="a">Financial services industry</marc:subfield><marc:subfield code="x">Law and legislation</marc:subfield><marc:subfield code="z">United States.</marc:subfield></marc:datafield><marc:datafield tag="700" ind1="1" ind2=" "><marc:subfield code="a">Myers, Elizabeth A.</marc:subfield><marc:subfield code="c">(Analyst in income security),</marc:subfield><marc:subfield code="0">https://id.loc.gov/authorities/names/no2020094950</marc:subfield><marc:subfield code="e">author.</marc:subfield></marc:datafield><marc:datafield tag="710" ind1="2" ind2=" "><marc:subfield code="a">Library of Congress.</marc:subfield><marc:subfield code="b">Congressional Research Service,</marc:subfield><marc:subfield code="0">https://id.loc.gov/authorities/names/n79061321</marc:subfield><marc:subfield code="e">issuing body.</marc:subfield></marc:datafield><marc:datafield tag="773" ind1="0" ind2="8"><marc:subfield code="i">Contained in (work):</marc:subfield><marc:subfield code="t">CRS reports (Library of Congress. Congressional Research Service)</marc:subfield><marc:subfield code="w">(DLC) 2018231131</marc:subfield><marc:subfield code="w">(OCoLC)1052784408</marc:subfield></marc:datafield><marc:datafield tag="830" ind1=" " ind2="0"><marc:subfield code="a">CRS report ;</marc:subfield><marc:subfield code="0">https://id.loc.gov/authorities/names/no2018108464</marc:subfield><marc:subfield code="v">R48045.</marc:subfield></marc:datafield><marc:datafield tag="856" ind1="4" ind2="0"><marc:subfield code="u">https://purl.fdlp.gov/GPO/gpo229478</marc:subfield><marc:subfield code="7">0</marc:subfield></marc:datafield><marc:datafield tag="856" ind1="4" ind2=" "><marc:subfield code="z">Address at time of PURL creation</marc:subfield><marc:subfield code="u">https://crsreports.congress.gov/product/details?prodcode=R48045</marc:subfield></marc:datafield><marc:datafield tag="994" ind1=" " ind2=" "><marc:subfield code="a">C0</marc:subfield><marc:subfield code="b">GPO</marc:subfield></marc:datafield><marc:datafield tag="049" ind1=" " ind2=" "><marc:subfield code="a">XZLS</marc:subfield></marc:datafield><marc:datafield tag="922" ind1=" " ind2=" "><marc:subfield code="a">CRSREP</marc:subfield></marc:datafield><marc:datafield tag="922" ind1=" " ind2=" "><marc:subfield code="a">CONSERNEW</marc:subfield><marc:subfield code="b">20240621</marc:subfield></marc:datafield><marc:datafield tag="955" ind1=" " ind2=" "><marc:subfield code="a">bca35 20240621</marc:subfield><marc:subfield code="b">20240621</marc:subfield></marc:datafield></marc:record>