
<marc:record><marc:leader>01896nam a2200433 i 4500</marc:leader>
<marc:controlfield tag="001">001411531</marc:controlfield>
<marc:controlfield tag="005">20240628123403.0</marc:controlfield><marc:controlfield tag="006">m     o  d f      </marc:controlfield><marc:controlfield tag="007">cr |||||||||||</marc:controlfield><marc:controlfield tag="008">240628s2018    dcu     ob   f000 0 eng c</marc:controlfield><marc:datafield tag="035" ind1=" " ind2=" "><marc:subfield code="a">(OCoLC)1443003255</marc:subfield></marc:datafield><marc:datafield tag="040" ind1=" " ind2=" "><marc:subfield code="a">GPO</marc:subfield><marc:subfield code="b">eng</marc:subfield><marc:subfield code="e">rda</marc:subfield><marc:subfield code="e">pn</marc:subfield><marc:subfield code="c">GPO</marc:subfield></marc:datafield><marc:datafield tag="042" ind1=" " ind2=" "><marc:subfield code="a">pcc</marc:subfield></marc:datafield><marc:datafield tag="043" ind1=" " ind2=" "><marc:subfield code="a">n-us---</marc:subfield></marc:datafield><marc:datafield tag="074" ind1=" " ind2=" "><marc:subfield code="a">1089-T (online)</marc:subfield></marc:datafield><marc:datafield tag="086" ind1="0" ind2=" "><marc:subfield code="a">Y 3.ET 3:2:EX 3/2</marc:subfield></marc:datafield><marc:datafield tag="245" ind1="0" ind2="2"><marc:subfield code="a">A brief introduction to the U.S. executive branch financial disclosure system /</marc:subfield><marc:subfield code="c">U.S. Office of Government Ethics.</marc:subfield></marc:datafield><marc:datafield tag="264" ind1=" " ind2="1"><marc:subfield code="a">[Washington, D.C.] :</marc:subfield><marc:subfield code="b">U.S. Office of Government Ethics,</marc:subfield><marc:subfield code="c">2018.</marc:subfield></marc:datafield><marc:datafield tag="300" ind1=" " ind2=" "><marc:subfield code="a">1 online resource (6 pages)</marc:subfield></marc:datafield><marc:datafield tag="336" ind1=" " ind2=" "><marc:subfield code="a">text</marc:subfield><marc:subfield code="b">txt</marc:subfield><marc:subfield code="2">rdacontent</marc:subfield></marc:datafield><marc:datafield tag="337" ind1=" " ind2=" "><marc:subfield code="a">computer</marc:subfield><marc:subfield code="b">c</marc:subfield><marc:subfield code="2">rdamedia</marc:subfield></marc:datafield><marc:datafield tag="338" ind1=" " ind2=" "><marc:subfield code="a">online resource</marc:subfield><marc:subfield code="b">cr</marc:subfield><marc:subfield code="2">rdacarrier</marc:subfield></marc:datafield><marc:datafield tag="500" ind1=" " ind2=" "><marc:subfield code="a">&quot;Last updated 3/7/2018.&quot;</marc:subfield></marc:datafield><marc:datafield tag="500" ind1=" " ind2=" "><marc:subfield code="a">In scope of the U.S. Government Publishing Office Cataloging and Indexing Program (C&amp;I) and Federal Depository Library Program (FDLP).</marc:subfield></marc:datafield><marc:datafield tag="504" ind1=" " ind2=" "><marc:subfield code="a">Includes bibliographical references (page 6).</marc:subfield></marc:datafield><marc:datafield tag="588" ind1=" " ind2=" "><marc:subfield code="a">Description based on online resource; title from PDF caption (OGE website, viewed June 26, 2024).</marc:subfield></marc:datafield><marc:datafield tag="650" ind1=" " ind2="0"><marc:subfield code="a">Financial disclosure</marc:subfield><marc:subfield code="z">United States.</marc:subfield></marc:datafield><marc:datafield tag="650" ind1=" " ind2="0"><marc:subfield code="a">Conflict of interests</marc:subfield><marc:subfield code="z">United States.</marc:subfield></marc:datafield><marc:datafield tag="650" ind1=" " ind2="0"><marc:subfield code="a">Government executives</marc:subfield><marc:subfield code="z">United States.</marc:subfield></marc:datafield><marc:datafield tag="610" ind1="1" ind2="0"><marc:subfield code="a">United States.</marc:subfield><marc:subfield code="t">Ethics in Government Act of 1978.</marc:subfield></marc:datafield><marc:datafield tag="650" ind1=" " ind2="0"><marc:subfield code="a">Financial disclosure</marc:subfield><marc:subfield code="x">Law and legislation</marc:subfield><marc:subfield code="z">United States.</marc:subfield></marc:datafield><marc:datafield tag="710" ind1="1" ind2=" "><marc:subfield code="a">United States.</marc:subfield><marc:subfield code="b">Office of Government Ethics,</marc:subfield><marc:subfield code="e">issuing body.</marc:subfield></marc:datafield><marc:datafield tag="856" ind1="4" ind2="0"><marc:subfield code="u">https://purl.fdlp.gov/GPO/gpo230601</marc:subfield><marc:subfield code="7">0</marc:subfield></marc:datafield><marc:datafield tag="856" ind1="4" ind2=" "><marc:subfield code="z">Address at time of PURL creation</marc:subfield><marc:subfield code="u">https://oge.gov/web/OGE.nsf/0/3E1C3B0BC22F5A78852585B6005A1E37/$FILE/OVERVIEW%20OF%20THE%20US%20ETHICS%20SYSTEM%20(FINAL%20MAR.7.2018).pdf</marc:subfield></marc:datafield><marc:datafield tag="994" ind1=" " ind2=" "><marc:subfield code="a">C0</marc:subfield><marc:subfield code="b">GPO</marc:subfield></marc:datafield><marc:datafield tag="049" ind1=" " ind2=" "><marc:subfield code="a">XZL4</marc:subfield></marc:datafield><marc:datafield tag="955" ind1=" " ind2=" "><marc:subfield code="a">bc103 20240628</marc:subfield><marc:subfield code="b">20240628</marc:subfield></marc:datafield><marc:datafield tag="922" ind1=" " ind2=" "><marc:subfield code="a">BIBCONEW</marc:subfield><marc:subfield code="b">20240628</marc:subfield></marc:datafield><marc:datafield tag="922" ind1=" " ind2=" "><marc:subfield code="a">UNREPORTEDPUBSASKGPO</marc:subfield></marc:datafield></marc:record>